<?xml version="1.0" encoding="UTF-8"?><record xmlns="http://www.loc.gov/MARC21/slim" xmlns:cinclude="http://apache.org/cocoon/include/1.0" xmlns:zs="http://www.loc.gov/zing/srw/">
  <leader>01676cz  a2200361n  4500</leader>
  <controlfield tag="001">no 99056272 </controlfield>
  <controlfield tag="003">DLC</controlfield>
  <controlfield tag="005">20170109073610.0</controlfield>
  <controlfield tag="008">990805n| azaacaaan          |a ana     c</controlfield>
  <datafield tag="010" ind1=" " ind2=" ">
    <subfield code="a">no 99056272 </subfield>
  </datafield>
  <datafield tag="035" ind1=" " ind2=" ">
    <subfield code="a">(OCoLC)oca05042464</subfield>
  </datafield>
  <datafield tag="040" ind1=" " ind2=" ">
    <subfield code="a">NIC</subfield>
    <subfield code="b">eng</subfield>
    <subfield code="e">rda</subfield>
    <subfield code="c">NIC</subfield>
    <subfield code="d">SaPrNL</subfield>
    <subfield code="d">IEN</subfield>
    <subfield code="d">MH-P</subfield>
    <subfield code="d">MH</subfield>
  </datafield>
  <datafield tag="042" ind1=" " ind2=" ">
    <subfield code="a">sanb</subfield>
  </datafield>
  <datafield tag="046" ind1=" " ind2=" ">
    <subfield code="k">1961~</subfield>
    <subfield code="l">1993?</subfield>
    <subfield code="2">edtf</subfield>
  </datafield>
  <datafield tag="130" ind1=" " ind2="0">
    <subfield code="a">ISMA paper</subfield>
  </datafield>
  <datafield tag="410" ind1="2" ind2=" ">
    <subfield code="a">Institute for the Study of Man in Africa.</subfield>
    <subfield code="t">ISMA paper</subfield>
  </datafield>
  <datafield tag="410" ind1="2" ind2=" ">
    <subfield code="a">Institute for the Study of Man in Africa.</subfield>
    <subfield code="t">ISMA booklet</subfield>
  </datafield>
  <datafield tag="430" ind1=" " ind2="0">
    <subfield code="a">ISMA papers</subfield>
  </datafield>
  <datafield tag="430" ind1=" " ind2="0">
    <subfield code="w">nne</subfield>
    <subfield code="a">ISMA booklet</subfield>
  </datafield>
  <datafield tag="642" ind1=" " ind2=" ">
    <subfield code="a">no. 3</subfield>
    <subfield code="5">DPCC</subfield>
  </datafield>
  <datafield tag="643" ind1=" " ind2=" ">
    <subfield code="a">Johannesburg</subfield>
    <subfield code="b">Institute for the Study of Man in Africa</subfield>
  </datafield>
  <datafield tag="644" ind1=" " ind2=" ">
    <subfield code="a">f</subfield>
    <subfield code="5">NIC</subfield>
  </datafield>
  <datafield tag="645" ind1=" " ind2=" ">
    <subfield code="a">t</subfield>
    <subfield code="5">DPCC</subfield>
    <subfield code="5">NIC</subfield>
  </datafield>
  <datafield tag="646" ind1=" " ind2=" ">
    <subfield code="a">s</subfield>
    <subfield code="5">NIC</subfield>
  </datafield>
  <datafield tag="667" ind1=" " ind2=" ">
    <subfield code="a">Some issues lack series title and numbering.</subfield>
  </datafield>
  <datafield tag="670" ind1=" " ind2=" ">
    <subfield code="a">Do the Bantu have a literature?, 1962:</subfield>
    <subfield code="b">cover (ISMA paper, no. 7)</subfield>
  </datafield>
  <datafield tag="670" ind1=" " ind2=" ">
    <subfield code="a">The evolution of African music and its function in the present day, 1961:</subfield>
    <subfield code="b">cover (ISMA papers, no. 3)</subfield>
  </datafield>
  <datafield tag="670" ind1=" " ind2=" ">
    <subfield code="a">LC in RLIN, 7/13/99</subfield>
    <subfield code="b">(hdg.: ISMA paper; usage: ISMA paper; ISMA papers)</subfield>
  </datafield>
  <datafield tag="670" ind1=" " ind2=" ">
    <subfield code="a">Street children, 1986:</subfield>
    <subfield code="b">cover (ISMA paper ; no. 40)</subfield>
  </datafield>
  <datafield tag="670" ind1=" " ind2=" ">
    <subfield code="a">Chalmers, B. Changing childbirth customs, 1987:</subfield>
    <subfield code="b">cover (ISMA booklet ; no. 41)</subfield>
  </datafield>
  <datafield tag="670" ind1=" " ind2=" ">
    <subfield code="a">Leigh, Carol. The development of the Johannesburg Public Library and some of the its Africana treasures, 1993:</subfield>
    <subfield code="b">cover (ISMA paper ; no. 42)</subfield>
  </datafield>
  <datafield tag="670" ind1=" " ind2=" ">
    <subfield code="a">OCLC database, viewed January 4, 2017</subfield>
    <subfield code="b">(no. 2 published in 1961; ceased with no. 43 in 1993?  Conflict, weapons and warfare in the rock art of southern Africa, published in 1993, has series transcribed as: ISMA paper ; no. 43)</subfield>
  </datafield>
  <datafield tag="730" ind1=" " ind2="7">
    <subfield code="a">ISMA paper</subfield>
    <subfield code="2">sanb</subfield>
  </datafield>
</record>